
@online{SoporNu,
    author = {Sopor.Nu},
    title = {Förbränning},
    url = {https://www.sopor.nu/fakta-om-avfall/vad-haender-med-ditt-avfall/restavfallet/foerbraenning/},
    urldate = {2023-15-03},
}

@online{AvfallSverige,
    author = {Avfallsverige.se},
    title = {Energiåtervinning},
    date = {2023-17-03},
    url = {https://www.avfallsverige.se/fakta-statistik/avfallsbehandling/energiatervinning/},
}

@online{Vattenfall,
    author = {Group.vattenfall.com},
    title = {Avfall och avfallshantering},
    date = {2023-17-03},
    url = {https://group.vattenfall.com/se/var-verksamhet/vara-energislag/avfall},
}

@online{naturvardsverket,
    author = {naturvardsverket.se},
    title = {Avfall - både resursslöseri och negativ miljöpåverkan},
    date = {2023-17-03},
    url = {https://www.naturvardsverket.se/amnesomraden/avfall/avfall--bade-resurssloseri-och-negativ-miljopaverkan/},
}
